@online{BIGDATA_OVERALL,
	author		= {Christophe Parageaud},
	title		= {Big Data, panorama des solutions},
	url			= {https://blog.ippon.fr/2016/03/31/big-data-panorama-des-solutions-2016/}
}

@online{TYPE_TRAITEMENT_DONNEES,
	author		= {Laura Shiff},
	title		= {Real Time vs Batch Processing vs Stream Processing: Whatâ€™s The Difference?},
	url			= {https://www.bmc.com/blogs/batch-processing-stream-processing-real-time/}
}

@online{LAMBDA_KAPPA,
	author		= {Michael Verrilli},
	title		= {From Lambda to Kappa: A Guide on Real-time Big Data Architectures},
	url			= {https://www.talend.com/blog/2017/08/28/lambda-kappa-real-time-big-data-architectures/}
}

@online{LAMBDA_KAPPA2,
	author		= {Mehdi Refes},
	title		= {Architecture Lambda, Kappa ou Datalake : comment les exploiter ?},
	url			= {https://www.cyres.fr/blog/architecture-lambda-big-data/}
}

@online{ARCH_REACTIVE,
	author		= {Kevin Webber},
	title		= {What is Reactive Programming?},
	url			= {https://blog.redelastic.com/what-is-reactive-programming-bc9fa7f4a7fc}
}

@online{MSG_BROKER,
	author		= {https://www.tibco.com},
	title		= {What is a Message Broker?},
	url			= {https://www.tibco.com/reference-center/what-is-a-message-broker}
}

@online{ARCH_DATA,
	author		= {Zoiner Tejada et olprod},
	title		= {Architectures Big Data},
	url			= {https://docs.microsoft.com/fr-fr/azure/architecture/data-guide/big-data}
}