@online{1,
    author    =  {Christophe Parageaud},
    title     =  { Big Data : Panorama des solutions 2016 },
    url       =  { http://blog.ippon.fr/2016/03/31/big-data-panorama-des-solutions-2016/}
}

@online{2,
    author    =  {Iman Samizadeh, Ph.D},
    title     =  { A brief introduction to two data processing architectures — Lambda and Kappa for Big Data },
    url       =  { https://towardsdatascience.com/a-brief-introduction-to-two-data-processing-architectures-lambda-and-kappa-for-big-data-4f35c28005bb}
}

@online{3,
    author    =  {Pedro F. Pérez-Arteaga},
    title     =  { Cost Comparison of Lambda Architecture Implementations for
Transportation Analytics using Public Cloud Software as a Service },
    url       =  { https://www.google.fr/url?sa=t&rct=j&q=&esrc=s&source=web&cd=1&ved=2ahUKEwidzsup_OfdAhVHXRoKHdZPB0YQFjAAegQIBxAC&url=http%3A%2F%2Fwww.insticc.org%2FPrimoris%2FResources%2FPaperPdf.ashx%3FidPaper%3D68693&usg=AOvVaw1ZMGNY87EFZq0-LXzcwfJr}
}

@online{4,
    author    =  {Uthayanath Suthakar},
    title     =  { Optimised Lambda Architecture for monitoring scientific infrastructure },
    url       =  { https://www.researchgate.net/publication/324493058_Optimised_Lambda_Architecture_for_monitoring_scientific_infrastructure}
}

@online{5,
    author    =  {Johannes KroB},
    title     =  { https://research.spec.org/fileadmin/user_upload/documents/wg_devops/20150731_LambdaArchitectures.pdf },
    url       =  { https://research.spec.org/fileadmin/user_upload/documents/wg_devops/20150731_LambdaArchitectures.pdf}
}

